<record><leader>00000cas a22000007a 4500</leader><controlfield tag="001">25800514</controlfield><controlfield tag="008">920512d19351939nyumr ne      0    0eng d</controlfield><datafield ind1=" " ind2=" " tag="010"><subfield code="a">sn 92060444 </subfield></datafield><datafield ind1=" " ind2=" " tag="040"><subfield code="a">YOX</subfield><subfield code="b">eng</subfield><subfield code="c">YOX</subfield><subfield code="d">NYS</subfield><subfield code="d">OCLCQ</subfield><subfield code="d">OCLCF</subfield><subfield code="d">OCLCO</subfield></datafield><datafield ind1="1" ind2=" " tag="029"><subfield code="a">AU@</subfield><subfield code="b">000020700910</subfield></datafield><datafield ind1="1" ind2=" " tag="029"><subfield code="a">NZ1</subfield><subfield code="b">13639526</subfield></datafield><datafield ind1="0" ind2=" " tag="041"><subfield code="a">engger</subfield></datafield><datafield ind1=" " ind2=" " tag="042"><subfield code="a">msc</subfield></datafield><datafield ind1=" " ind2=" " tag="043"><subfield code="a">n-us---</subfield></datafield><datafield ind1="0" ind2=" " tag="130"><subfield code="a">National American (New York, N.Y.)</subfield></datafield><datafield ind1="1" ind2="0" tag="245"><subfield code="a">National American.</subfield></datafield><datafield ind1="3" ind2="0" tag="246"><subfield code="a">Nationale Amerikaner</subfield></datafield><datafield ind1="1" ind2="3" tag="246"><subfield code="a">National American bulletin</subfield><subfield code="f">&lt;Feb. 19, 1938&gt;-Nov. 1938</subfield></datafield><datafield ind1=" " ind2=" " tag="260"><subfield code="a">New York, N.Y. :</subfield><subfield code="b">Zenger Press,</subfield><subfield code="c">1935-</subfield></datafield><datafield ind1=" " ind2=" " tag="300"><subfield code="a">v.</subfield></datafield><datafield ind1=" " ind2=" " tag="310"><subfield code="a">Monthly,</subfield><subfield code="b">Apr., 1938-&lt;Nov., 1939&gt;</subfield></datafield><datafield ind1=" " ind2=" " tag="321"><subfield code="a">Weekly,</subfield><subfield code="b">Oct. 31, 1935-&lt;Dec. 30, 1935&gt;</subfield></datafield><datafield ind1=" " ind2=" " tag="321"><subfield code="a">Semimonthly,</subfield><subfield code="b">&lt;Feb. 19&gt;-Mar. 26, 1938</subfield></datafield><datafield ind1="0" ind2=" " tag="362"><subfield code="a">Vol. 1, no. 1 (no. 44 "D.B.") (Oct. 31, 1935)-</subfield></datafield><datafield ind1="1" ind2=" " tag="362"><subfield code="a">Ceased in Dec. 1939?</subfield></datafield><datafield ind1=" " ind2=" " tag="500"><subfield code="a">Contains German section: Der Nationale Amerikaner, v. 1, no. 1-&lt;10&gt; (Oct. 31-&lt;Dec. 30, 1935&gt;).</subfield></datafield><datafield ind1=" " ind2=" " tag="500"><subfield code="a">Published by the Nationalist Press Assoc., &lt;Feb. 19, 1938&gt;-Nov. 1939.</subfield></datafield><datafield ind1=" " ind2=" " tag="515"><subfield code="a">Vol. 1. no. 1-10 (Oct. 31-Dec. 30, 1935) also called no. 44-53 "D.B." in continuation of the numbering of the Deutscher Beobachter of New York.</subfield></datafield><datafield ind1=" " ind2=" " tag="546"><subfield code="a">In English and German.</subfield></datafield><datafield ind1=" " ind2=" " tag="550"><subfield code="a">"Official organ of The American National Labor Party," Oct. 31-&lt;Dec. 30, 1935&gt;. "Official organ of the American National-Socialist Party," &lt;Feb. 19, 1938&gt;-Nov. 1938.</subfield></datafield><datafield ind1=" " ind2="0" tag="650"><subfield code="a">Fascism</subfield><subfield code="z">United States</subfield><subfield code="v">Newspapers.</subfield></datafield><datafield ind1=" " ind2="0" tag="650"><subfield code="a">Germans</subfield><subfield code="z">United States</subfield><subfield code="v">Newspapers.</subfield></datafield><datafield ind1=" " ind2="0" tag="650"><subfield code="a">German Americans</subfield><subfield code="v">Newspapers.</subfield></datafield><datafield ind1=" " ind2="4" tag="651"><subfield code="a">New York (N.Y.)</subfield><subfield code="v">Newspapers.</subfield></datafield><datafield ind1=" " ind2="7" tag="655"><subfield code="a">Newspapers.</subfield><subfield code="2">fast</subfield><subfield code="0">(OCoLC)fst01423814</subfield></datafield><datafield ind1=" " ind2="7" tag="650"><subfield code="a">Fascism.</subfield><subfield code="2">fast</subfield><subfield code="0">(OCoLC)fst00921551</subfield></datafield><datafield ind1=" " ind2="7" tag="650"><subfield code="a">German Americans.</subfield><subfield code="2">fast</subfield><subfield code="0">(OCoLC)fst00941308</subfield></datafield><datafield ind1=" " ind2="7" tag="650"><subfield code="a">Germans.</subfield><subfield code="2">fast</subfield><subfield code="0">(OCoLC)fst00942100</subfield></datafield><datafield ind1=" " ind2="7" tag="651"><subfield code="a">United States.</subfield><subfield code="2">fast</subfield><subfield code="0">(OCoLC)fst01204155</subfield></datafield><datafield ind1="2" ind2=" " tag="710"><subfield code="a">American National Labor Party.</subfield></datafield><datafield ind1="2" ind2=" " tag="710"><subfield code="a">American National-Socialist Party.</subfield></datafield><datafield ind1=" " ind2=" " tag="752"><subfield code="a">United States</subfield><subfield code="b">New York</subfield><subfield code="c">New York</subfield><subfield code="d">New York.</subfield></datafield><datafield ind1="0" ind2="0" tag="780"><subfield code="t">Deutscher Beobachter of New York</subfield><subfield code="w">(DLC)sn 87070116</subfield></datafield></record>